
@misc{noauthor_whistlers_nodate,
	title = {The {Center} of {Labour Research}},
	howpublished = {\url{https://clr.org.pk/the-whistlers/}},
	abstract = {THE WHISTLERS Do You Want to Report a Rights Violation?â€‹ Pakistan has a labour force of 65.5 million workers of which only 10.63 million are engaged in},
	language = {en-US},
	urldate = {2024-09-19},
	journal = {CLR},
	file = {Snapshot:C\:\\Users\\Asad\\Zotero\\storage\\2MV8QKMI\\the-whistlers.html:text/html},
}


